%-----conference-----

@conference{Kharraziha2003,
author="Kharraziha, Hamid and Ozana, Marek and Spjuth, Sami",
title="Large Scale Crew Rostering",
year="2003"
}

@conference{Tian2012,
author="Tian, Zhiqiang and Niu, Huimin",
title="Modeling and Algorithms of the Crew Rostering Problem with Given Cycle on High-Speed Railway Lines",
booktitle="Mathematical Problems in Engineering",
url ="http://www.hindawi.com/journals/mpe/2012/214607/",
year="2012"
}

@conference{Wren1997,
author="Wren, Anthony and Gualda, Nicolau D. Fares",
title="Integrated Scheduling of Buses and Drivers",
year="1997"
}

@conference{Freling2000,
author="Freling, Richard and Huisman, Dennis and Wagelmans, Albert P. M.",
title="Models and Algorithms for Integration of Vehicle and Crew Scheduling",
year="2000"
}

@conference{Piyadasa2005a,
author="Piyadasa, Anuradha and Kumarage, Amal S.",
title="Formulation of a Bus Dispatching Policy to achieve simultaneous Economic and Financial optimization of a route",
year="2005"
}

@conference{Freling2003,
author="Freling, Richard and Paix\~{a}o, Jos\'{e} M. Pinto and Wagelmans, Albert P. M.",
title="Models and Algorithms for Vehicle Scheduling",
year="2003"
}

@conference{Valdes2010,
author="Valdes, Victor Andres Vera",
title="Integrating Crew Scheduling and Rostering Problems",
year="2010"
}

@conference{Fouracre2001,
author="Fouracre, P.",
title="Rural Transport Survey Techniques",
year="2001"
}

@conference{Friberg1996,
author="Friberg, Christian and Haase, Knut",
title="An Exact Algorithm for the Vehicle and Crew Scheduling Problem",
year="1996"
}

@conference{Caprara1995,
author="Caprara, Alberto and Fischetti, Matteo and Toth, Paolo and Vigo, Daniele",
title="Modeling and Solving the Crew Rostering Problem",
year="1995"
}

@conference{Kumarage2007,
author="Kumarage, Prof. Amal S. and Perera, H. A. C. and Jayaratne, M. D. R. P.",
title="Optimal Bus Dispatching Policy Under Variable Demand Over Time And Route Length",
year="2007"
}

@conference{Ceder2009,
author="Ceder, Avishai",
title="Public-Transport Automated Timetables using Even Headway and Even Passenger Load Concepts",
year="2009"
}

@conference{Xie2012,
author="Xie, Lin and Kliewer, Natalia and Suhl, Leena",
title="Integrated Driver Rostering Problem in Public Bus Transit",
year="2012"
}

%-----misc-----

@misc{SriLankaTransportBoard2012,
author="SriLankaTransportBoard",
title="Statistics",
url="http://www.transport.gov.lk/web/index.php?option=com_content&view=article&id=129&Itemid=115&lang=en",
year="2012",
note="(Online; Accessed 31st July 2012)"
}

@misc{WorldBank2013,
author="WorldBank",
title="Population, Sri Lanka",
url="https://www.google.com/search?q=population+of+sri+lanka&ie=utf-8&oe=utf-8&aq=t",
year="2013",
note="(Online; Accessed 18th February 2013)"
}

@misc{Wijewardena2011,
author="Wijewardena, Don Asoka",
title="Commuters prefer SLTB-says Welgama",
url="http://www.island.lk/index.php?page_cat=article-details&page=article-details&code_title=33239",
year="2011",
note="(Online; Accessed 2nd August 2012)"
}

@misc{MinistryofTransport2008,
author="MinistryOfTransport",
title="Draft National Policy on Transport In Sri Lanka",
year="2008"
}

@misc{DepartmentofCensusandStatistics2012,
author="DepartmentOfCensusAndStatistics",
title="Quick Stats",
url="http://www.statistics.gov.lk/PopHouSat/CPH2012Visualization/htdocs/index.php",
year="2012",
note="(Online; Accessed 13th February 2013)"
}

@misc{Wickremasekara2012,
author="Wickremasekara, Damith",
title="Dissatisfied commuters of private bus service on the up",
url="http://sundaytimes.lk/120401/News/nws_044.html",
year="2012",
note="(Online; Accessed 18th March 2013)"
}

@misc{SriLankaTransportBoard2010,
author="SriLankaTransportBoard",
title="Services",
url="http://www.sltb.lk/services.php",
year="2010",
note="(Online; Accessed 31st July 2012)"
}

@misc{AdaDerana2012,
author="AdaDerana",
title="Bus Strike tomorrow due to Fuel Hike",
url="http://adaderana.lk/news.php?nid=16893",
year="2012",
note="(Online; Accessed 13th February 2013)"
}

@misc{AnswersDotCom2012,
author="Answers.com",
title="History of Sri Lanka Transport Board",
url="http://www.answers.com/topic/history-of-sri-lanka-transport-board",
year="2012",
note="(Online; Accessed 25th May 2013)"
}

@misc{Range2012,
author="Range, Irangika",
title="NTC receives 116 complaints",
url="http://www.dailynews.lk/2012/12/29/news41.asp",
year="2012",
note="(Online; Accessed 28th May 2013)"
}

@misc{Samarajiva2012,
author="Samarajiva, Indi",
title="The Private Bus Strike",
url="http://indi.ca/2012/02/the-private-bus-strike/",
year="2012",
note="(Online; Accessed 28th May 2013)"
}

@misc{ColomboPage2012,
author="ColomboPage",
title="Private bus operators' strike in Sri Lanka inconveniences commuters",
url="http://www.colombopage.com/archive_12/Feb13_1329117253JR.php",
year="2012",
note="(Online; Accessed 28th May 2013)"
}

@misc{LBO2011,
author="LankaBusinessOnline",
title="Sri Lanka state bus service lose Rs8.4bn",
url="http://www.lankabusinessonline.com/news/sri-lanka-state-bus-service-lose-rs8.4bn/81413166",
year="2011",
note="(Online; Accessed 28th May 2013)"
}

@misc{Sirimanne2013,
author="Sirimanne, Bandula",
title="Treasury doles out Rs. 2.8 billion to Sri Lanka Transport Board",
url="http://www.sundaytimes.lk/130127/business-times/treasury-doles-out-rs-2-8-billion-to-sri-lanka-transport-board-29663.html",
year="2013",
note="(Online; Accessed 28th May 2013)"
}

@misc{Azwer2012,
author="Azwer, Maryam",
title="Run-Down Red Buses: SLTBâ€™s Ageing Population",
url="http://www.thesundayleader.lk/2012/06/17/run-down-red-buses-sltbs-ageing-population/",
year="2012",
note="(Online; Accessed 28th May 2013)"
}

@misc{Wijayapala2012,
author="Wijayapala, Ranil",
title="Public transport service needs overhaul- SLTB chairman",
url="http://www.sundayobserver.lk/2012/02/19/fea06.asp",
year="2012",
note="(Online; Accessed 28th May 2013)"
}

%-----article-----

@article{Riano2004,
author="Riano, German and Acero, Juan C.",
title="A Stochastic Bus Dispatching Model",
journal="Transportation Science",
year="2004",
}

@article{Daganzo2008,
author="Daganzo, Carlos F",
title="A Dynamic Approach to Eliminate Bus Bunching",
journal="Transportation Science",
year="2008",
}

@article{Qian2013,
author="Qian, Yongshen and Luo, Jinbao and Zeng, Junwei",
title="Bus Interval Optimization Considering Crowding Cost",
journal="Journal of Theoretical and Applied Information Technology",
year="2013",
}

@article{Dessouky1999,
author="Dessouky, Maged and Hall, Randolph and Nowroozi, Ali and Mourikas, Karen",
title="Bus Dispatching At Timed Transfer Transit Stations Using Bus Tracking Technology",
journal="Transporatation Research",
year="1999",
}

@article{Fu2003,
author="Fu, Liping and Liu, Qing and Calamai, Paul",
title="Real-Time Optimization Model for Dynamic Scheduling of Transit Operations",
journal="Transporatation Research",
year="2003"
}

@article{Newell1971,
author="Newell, G. F.",
title="Dispatching Policies for a Transportation Route",
journal="Transporatation Research",
year="1971"
}

@article{Sun2008,
author="Sun, Chuanjiao and Zhou, Wei and Wang, Yuanqing ",
title="Scheduling Combination and Headway Optimization of Bus Rapid Transit",
journal="Journal of Transportation Systems Engineering and Information Technology",
year="2008"
}

%-----book-----

@book{Litman2013,
author="Litman, Todd",
title="Evaluating Public Transit Benefits and Costs",
publisher="Victoria Transport Policy Institute",
year="2013"
}

@book{Xuan2011,
author="Xuan Yiguang  and Argote, Julian and Daganzo, Carlos",
title="A Dynamic Holding Strategy to Improve Bus Schedule Reliability and Commercial Speed",
publisher="Institute of Transportation Studies, University of California, Berkeley",
year="2011"
}

%-----mastersthesis-----

@mastersthesis{Piyadasa2005,
author="Piyadasa, Anuradha",
title="Optimization of Bus Dispatching from any given Terminal",
school="University of Moratuwa",
year="2005"
}

@phdthesis{Huisman2004,
author="Huisman, Dennis",
title="Integrated and Dynamic Vehicle and Crew Scheduling",
school="Erasmus University, Rotterdam",
year="2004"
}

%-----techreport-----

@techreport{Silva2010,
author="Silva, Harsha De",
title="The need for an efficient bus and train ticket sale and purchase system in Sri Lanka: Possibilities for a Mobile 2.0 solution",
institution="LIRNEasia",
year="2010"
}